@Book{xie2015,
  title = {Dynamic Documents with {R} and knitr},
  author = {Yihui Xie},
  publisher = {Chapman and Hall/CRC},
  address = {Boca Raton, Florida},
  year = {2015},
  edition = {2nd},
  note = {ISBN 978-1498716963},
  url = {http://yihui.org/knitr/},
}

@article{osorio2019,
	title = {Design and management of innovation laboratories: Toward a performance assessment tool},
	author = {{Osorio}, {Ferney} and {Dupont}, {Laurent} and {Camargo}, {Mauricio} and {Palominos}, {Pedro} and {Peña}, {José Ismael} and {Alfaro}, {Miguel}},
	year = {2019},
	month = {01},
	date = {2019-01-17},
	journal = {Creativity and Innovation Management},
	pages = {82--100},
	volume = {28},
	number = {1},
	doi = {10.1111/caim.12301},
	url = {http://dx.doi.org/10.1111/caim.12301},
	langid = {en}
}

@inbook{morel2018,
	title = {Innovation Spaces: New Places for Collective Intelligence?},
	author = {{Morel}, {Laure} and {Dupont}, {Laurent} and {Boudarel}, {Marie-Reine}},
	year = {2018},
	month = {10},
	date = {2018-10-12},
	publisher = {John Wiley & Sons, Inc.},
	pages = {87--107},
	doi = {10.1002/9781119557883.ch5},
	url = {http://dx.doi.org/10.1002/9781119557883.ch5}
}

@inbook{morel2018a,
	title = {Innovation Spaces: New Places for Collective Intelligence?},
	author = {{Morel}, {Laure} and {Dupont}, {Laurent} and {Boudarel}, {Marie-Reine}},
	year = {2018},
	month = {10},
	date = {2018-10-12},
	publisher = {John Wiley & Sons, Inc.},
	pages = {87--107},
	doi = {10.1002/9781119557883.ch5},
	url = {http://dx.doi.org/10.1002/9781119557883.ch5}
}
